@DocuShare{LDM-732,
  author = {Jeff Kantor},
   title = "{Vera C. Rubin Observatory Network Verification Document}",
    year = 2020,
   month = may,
  handle = {LDM-732},
}
